%% This document is a bibtex export of HAL publication
%% Date of the export : 02/05/2012
%% Criteria : Author : 'friggeri'

%%
%% inria-00490195, version 2
%% http://hal.inria.fr/inria-00490195
%%

@article{friggeri:2011:inria-00490195:2,
  AUTHOR = {Friggeri, Adrien and Chelius, Guillaume and Fleury, Eric and Fraboulet, Antoine and Mentr{\'e}, France and Lucet, Jean-Christophe},
  TITLE = {{Reconstructing Social Interactions Using an unreliable Wireless Sensor Network}},
  JOURNAL = {{Computer Communications}},
  PUBLISHER = {Elsevier},
  VOLUME = {34},
  NUMBER = {5},
  PAGES = {609--618},
  YEAR = {2011},
  MONTH = Apr,
  KEYWORDS = {complex networks; interaction networks; wireless sensor networks; medical applications},
  DOI = {10.1016/j.comcom.2010.06.005},
  URL = {http://hal.inria.fr/inria-00490195}
}
%% inria-00597448, version 1
%% http://hal.inria.fr/inria-00597448
%%

@article{friggeri:2011:inria-00597448:1,
  AUTHOR = {Friggeri, Adrien and Cointet, Jean-Philippe and Latapy, Matthieu, Matthieu},
  TITLE = {{A Real-World Spreading Experiment in the Blogosphere}},
  JOURNAL = {{Complex Systems}},
  PUBLISHER = {Complex Systems Publications, Inc.},
  VOLUME = {19},
  NUMBER = {3},
  YEAR = {2011},
  URL = {http://hal.inria.fr/inria-00597448}
}
%% inria-00475921, version 1
%% http://hal.inria.fr/inria-00475921
%%

@inproceedings{friggeri:2010:inria-00475921:1,
  AUTHOR = {Friggeri, Adrien and Chelius, Guillaume},
  TITLE = {{Biais dans les mesures obtenues par un r{\'e}seau de capteurs sans fil}},
  BOOKTITLE = {{12{\`e}mes Rencontres Francophones sur les Aspects Algorithmiques de T{\'e}l{\'e}communications (AlgoTel)}},
  YEAR = {2010},
  EDITOR = {Maria Gradinariu Potop-Butucaru and Herv{\'e} Rivano},
  KEYWORDS = {france},
  ADDRESS = {Belle Dune, France},
  MONTH = Jun,
  URL = {http://hal.inria.fr/inria-00475921}
}
%% inria-00587942, version 1
%% http://hal.inria.fr/inria-00587942
%%

@inproceedings{friggeri:2011:inria-00587942:1,
  AUTHOR = {Friggeri, Adrien and Chelius, Guillaume and Fleury, Eric},
  TITLE = {{Communaut{\'e}s : Arr{\^e}tons de ne compter que les ar{\^e}tes}},
  BOOKTITLE = {{13es Rencontres Francophones sur les Aspects Algorithmiques de T{\'e}l{\'e}communications (AlgoTel)}},
  YEAR = {2011},
  EDITOR = {Ducourthial, Bertrand and Felber, Pascal},
  MONTH = Jun,
  KEYWORDS = {france},
  ADDRESS = {Cap Est{\'e}rel, France},
  URL = {http://hal.inria.fr/inria-00587942}
}
%% inria-00597446, version 1
%% http://hal.inria.fr/inria-00597446
%%

@inproceedings{friggeri:2011:inria-00597446:1,
  AUTHOR = {Friggeri, Adrien and Chelius, Guillaume and Fleury, Eric},
  TITLE = {{Fellows: Crowd-sourcing the evaluation of an overlapping community model based on the cohesion measure}},
  BOOKTITLE = {{Interdisciplinary Workshop on Information and Decision in Social Networks}},
  YEAR = {2011},
  MONTH = May,
  NOTE = {31 accept{\'e}/140 soumis +250 participants},
  ADDRESS = {Cambridge, {\'E}tats-Unis},
  URL = {http://hal.inria.fr/inria-00597446}
}
%% inria-00597447, version 1
%% http://hal.inria.fr/inria-00597447
%%

@inproceedings{friggeri:2011:inria-00597447:1,
  AUTHOR = {Friggeri, Adrien and Chelius, Guillaume and Fleury, Eric},
  TITLE = {{Egomunities, Exploring Socially Cohesive Person-based Communities}},
  BOOKTITLE = {{NetSci 2011 The International School and Conference on Network Science}},
  YEAR = {2011},
  MONTH = Jun,
  ADDRESS = {Budapest, Hongrie},
  URL = {http://hal.inria.fr/inria-00597447}
}
%% inria-00619092, version 1
%% http://hal.inria.fr/inria-00619092
%%

@inproceedings{friggeri:2011:inria-00619092:1,
  AUTHOR = {Friggeri, Adrien and Chelius, Guillaume and Fleury, Eric},
  TITLE = {{Triangles to Capture Social Cohesion}},
  BOOKTITLE = {{Third IEEE International Conference on Social Computing}},
  YEAR = {2011},
  MONTH = Sep,
  ADDRESS = {Cambridge, {\'E}tats-Unis},
  URL = {http://hal.inria.fr/inria-00619092}
}
%% inria-00626064, version 1
%% http://hal.inria.fr/inria-00626064
%%

@inproceedings{friggeri:2011:inria-00626064:1,
  AUTHOR = {Friggeri, Adrien and Chelius, Guillaume and Fleury, Eric},
  TITLE = {{Fellows: Crowd-sourcing the evaluation of an overlapping community model based on the cohesion measure}},
  BOOKTITLE = {{Complex Dynamics of Human Interactions}},
  YEAR = {2011},
  MONTH = Sep,
  ADDRESS = {Vienna, Autriche},
  URL = {http://hal.inria.fr/inria-00626064}
}
%% inria-00507447, version 1
%% http://hal.inria.fr/inria-00507447
%%

@inproceedings{lucet:2010:inria-00507447:1,
  AUTHOR = {Lucet, Jean-Christophe and Chelius, Guillaume and Laouenan, C{\'e}dric and Friggeri, Adrien and Veziris, N. and Lepelletier, D. and Abiteboul, D. and Bouvet, Elisabeth and Fleury, Eric and Mentr{\'e}, France},
  TITLE = {{Electronic Sensors for Measuring Interactions between Healthcare Workers (HCWs) and Patients (Pts): the Case of Tuberculosis (TB)}},
  YEAR = {2010},
  MONTH = Sep,
  BOOKTITLE = {{2010 Interscience Conference on Antimicrobial Agents and Chemotherapy}},
  ORGANIZATION = {American Society for Microbiology},
  ADDRESS = {Boston, {\'E}tats-Unis},
  URL = {http://hal.inria.fr/inria-00507447}
}
%% inria-00630363, version 1
%% http://hal.inria.fr/inria-00630363
%%

@inproceedings{friggeri:2011:inria-00630363:1,
  AUTHOR = {Friggeri, Adrien and Chelius, Guillaume and Fleury, Eric},
  TITLE = {{Trouver des communaut{\'e}s socialement coh{\'e}sives est NP-dur}},
  YEAR = {2011},
  MONTH = Oct,
  KEYWORDS={france},
  BOOKTITLE = {{13emes journ{\'e}es Graphes et Algorithmes}},
  ADDRESS = {Lyon, France},
  URL = {http://hal.inria.fr/inria-00630363}
}
%% inria-00605673, version 1
%% http://hal.inria.fr/inria-00605673
%%

@misc{friggeri:2011:inria-00605673:1,
  AUTHOR = {Friggeri, Adrien and Fleury, Eric},
  TITLE = {{Des triangles pour mesurer la coh{\'e}sion sociale : Fellows, une exp{\'e}rimentation sur Facebook}},
  YEAR = {2011},
  MONTH = Jun,
  KEYWORDS = {france},
  NOTE = {S{\'e}minaire w2s @ La Cantine},
  URL = {http://hal.inria.fr/inria-00605673}
}
%% hal-00692548, version 1
%% http://hal.inria.fr/hal-00692548
%%

@techreport{friggeri:2012:hal-00692548:1,
  AUTHOR = {Friggeri, Adrien and Fleury, Eric},
  TITLE = {{Finding cohesive communities with C³}},
  TYPE = {Rapport de recherche},
  YEAR = {2012},
  MONTH = Apr,
  INSTITUTION = {INRIA},
  NUMBER = {RR-7947},
  URL = {http://hal.inria.fr/hal-00692548}
}
%% inria-00565336, version 2
%% http://hal.inria.fr/inria-00565336
%%

@techreport{friggeri:2011:inria-00565336:2,
  AUTHOR = {Friggeri, Adrien and Chelius, Guillaume and Fleury, Eric},
  TITLE = {{Egomunities, Exploring Socially Cohesive Person-based Communities}},
  TYPE = {Rapport de recherche},
  YEAR = {2011},
  MONTH = Feb,
  KEYWORDS = {social networks, complex networks, real-world graphs, community detection, overlapping communities, data mining, modelisation},
  INSTITUTION = {INRIA},
  NUMBER = {RR-7535},
  URL = {http://hal.inria.fr/inria-00565336}
}
%% inria-00608889, version 1
%% http://hal.inria.fr/inria-00608889
%%

@techreport{friggeri:2011:inria-00608889:1,
  AUTHOR = {Friggeri, Adrien and Chelius, Guillaume and Fleury, Eric},
  TITLE = {{Triangles to Capture Social Cohesion}},
  TYPE = {Rapport de recherche},
  YEAR = {2011},
  MONTH = Jul,
  INSTITUTION = {INRIA},
  NUMBER = {RR-7686},
  URL = {http://hal.inria.fr/inria-00608889}
}
%% inria-00621065, version 2
%% http://hal.inria.fr/inria-00621065
%%

@techreport{friggeri:2011:inria-00621065:2,
  AUTHOR = {Friggeri, Adrien and Fleury, Eric},
  TITLE = {{Maximizing the Cohesion is NP-hard}},
  TYPE = {Rapport de recherche},
  YEAR = {2011},
  MONTH = Sep,
  INSTITUTION = {INRIA},
  NUMBER = {RR-7734},
  URL = {http://hal.inria.fr/inria-00621065}
}

@article{Lucet:2012gl,
author = {Lucet, Jean-Christophe and Laouenan, Cédric and Chelius, Guillaume and Veziris, Nicolas and Lepelletier, Didier and Friggeri, Adrien and Abiteboul, Dominique and Bouvet, Elisabeth and Mentré, France and Fleury, Eric},
title = {{Electronic Sensors for Assessing Interactions between Healthcare Workers and Patients under Airborne Precautions}},
journal = {PLoS ONE},
year = {2012},
volume = {7},
number = {5},
pages = {e37893},
month = may
}

@book{allsopp07,
author = {John Allsop},
title = {Microformats: Empowering Your Markup for Web 2.0},
isbn = {1-59059-814-8},
publisher = {Publisher},
address = {London},
month = mar,
year = {2007},
}